% Encoding: UTF-8
@thesis{Buterin2013,
    author={Buterin, Vitalik},
    title={Ethereum Yellow Paper},
    type={Yellow Paper},
    year={2013},
    url={https://ethereum.github.io/yellowpaper/paper.pdf}
}
@thesis{Nakamoto2009,
	author={Nakamoto, Satoshi},
	title={Bitcoin: A Peer-to-Peer Electronic Cash System},
	type={White Paper},
	year={2009},
	url={https://bitcoin.org/bitcoin.pdf}
}
@thesis{delmolino2016step,
  title={Step by step towards creating a safe smart contract: Lessons and insights from a cryptocurrency lab},
  author={Delmolino, Kevin and Arnett, Mitchell and Kosba, Ahmed and Miller, Andrew and Shi, Elaine},
  booktitle={International Conference on Financial Cryptography and Data Security},
  pages={79--94},
  year={2016},
  organization={Springer}
}
@thesis{luu2016making,
  title={Making smart contracts smarter},
  author={Luu, Loi and Chu, Duc-Hiep and Olickel, Hrishi and Saxena, Prateek and Hobor, Aquinas},
  booktitle={Proceedings of the 2016 ACM SIGSAC Conference on Computer and Communications Security},
  pages={254--269},
  year={2016},
  organization={ACM}
}
@article{chohan2017leisures,
  title={The Leisures of Blockchains: Exploratory Analysis},
  author={Chohan, Usman},
  year={2017}
}
@article{thedao2017,
    title={The Story of the DAO - Its History and Consequences},
    author={Samuel Falkon},
    year={2017},
    url={https://medium.com/swlh/the-story-of-the-dao-its-history-and-consequences-71e6a8a551ee}
}
@inproceedings{azaria2016medrec,
  title={Medrec: Using blockchain for medical data access and permission management},
  author={Azaria, Asaph and Ekblaw, Ariel and Vieira, Thiago and Lippman, Andrew},
  booktitle={Open and Big Data (OBD), International Conference on},
  pages={25--30},
  year={2016},
  organization={IEEE}
}

@Online{oyentegithub,
  author = {Luu et al.},
  title  = {Oyente Github},
  year   = {2018},
  url    = {https://github.com/melonproject/oyente},
}

@Online{oraclizedoc,
  author = {Oraclize},
  title  = {Oraclize Documentation},
  year   = {2018},
  url    = {https://docs.oraclize.it/},
}

@Online{orisiwhitepaper,
  author = {Orisi Team},
  title  = {Orisi White Paper},
  year   = {2018},
  url    = {https://github.com/orisi/wiki/wiki/Orisi-White-Paper},
}

@Thesis{zhangtown,
  author      = {Zhang, Fan and Cecchetti, Ethan and Croman, Kyle and Juels, Ari and Shi, Elaine},
  title       = {Town Crier: An Authenticated Data Feed for Smart Contracts},
  institution = {Cornell University},
  year        = {2016},
  eprint      = {IACR ePrint},
}

@Online{oraclizeproofverify,
  author = {Oraclize},
  title  = {proof-verification-tool},
  year   = {2018},
  url    = {https://github.com/oraclize/proof-verification-tool},
}

@Thesis{tlsnotarywhitepaper,
  author = {Dan Smith et al.},
  title  = {TLSNotary - a mechanism for independently audited https sessions},
  year   = {2014},
  url    = {https://tlsnotary.org/TLSNotary.pdf},
}

@Online{pagesigner,
  author = {Dan Smith et al.},
  title  = {PageSigner},
  year   = {2019},
  url    = {https://tlsnotary.org/pagesigner.html},
}

@Online{androidproof,
  author = {Oraclize},
  title  = {Android Proof: Authenticated Data Gathering using Android Hardware Attestation and SafetyNet},
  year   = {2018},
  url    = {https://provable.xyz/papers/android_proof-rev2.pdf},
}

@Comment{jabref-meta: databaseType:biblatex;}
